@misc{nasa2014srtm1sdem,
  author={{NASA LP DAAC}},
  title={SRTM 1 Arc-Second Global},
  year={2000},
  address={NASA EOSDIS Land Processes DAAC, USGS Earth Resources Observation and Science (EROS) Center, Sioux Falls, South Dakota},
  howpublished={\url{https://earthexplorer.usgs.gov/}},
  note={published September 2014, accessed May 2016}
}
@article{bishop1995drainage,
  title={Drainage rearrangement by river capture, beheading and diversion},
  author={Bishop, Paul},
  journal={Progress in physical geography},
  volume={19},
  number={4},
  pages={449--473},
  year={1995},
  publisher={Sage Publications Sage CA: Thousand Oaks, CA}
}
@article{sun2007fast,
  title={Fast and effective feature-preserving mesh denoising},
  author={Sun, Xianfang and Rosin, Paul and Martin, Ralph and Langbein, Frank},
  journal={IEEE Transactions on Visualization \& Computer Graphics},
  number={5},
  pages={925--938},
  year={2007},
  publisher={IEEE}
}

@book{bivand2008applied,
  title={Applied spatial data analysis with R},
  author={Bivand, Roger S and Pebesma, Edzer J and Gomez-Rubio, Virgilio and Pebesma, Edzer Jan},
  volume={747248717},
  year={2008},
  publisher={Springer}
}

@book{one2012censo,
  title={Censo},
  author={ONE},
  year={2012},
  publisher={ONE}
}

@article{urenaevaluacion,
  title={Evaluaci{\'o}n de la cobertura del IX Censo Nacional de Poblaci{\'o}n y Vivienda 2010},
  author={Ure{\~n}a, Francisco I C{\'a}ceres and Mart{\'\i}nez, Mildred}
}

@book{onamet2008precipitacion,
  title={Precipitacion},
  author={ONAMET},
  year={2008},
  publisher={ONAMET}
}


  @book{hengl2009practical,
  title={A practical guide to geostatistical mapping},
  author={Hengl, Tomislav},
  volume={52},
  year={2009},
  publisher={Hengl Amsterdam}
}
